<?xml version="1.0" encoding="UTF-8"?><collection xmlns="http://www.loc.gov/MARC21/slim"><record><leader>00465nam--2200181-i-4500</leader><controlfield tag="001">000012398</controlfield><controlfield tag="002">20161230</controlfield><controlfield tag="005">20161230201029</controlfield><controlfield tag="008">060222s1000------------r-----000-0-eng-d</controlfield><datafield ind1=" " ind2=" " tag="040"><subfield code="a">IFIN-HH</subfield></datafield><datafield ind1=" " ind2=" " tag="080"><subfield code="a">519.86</subfield></datafield><datafield ind1=" " ind2="1" tag="100"><subfield code="a">Andrews,J.G</subfield></datafield><datafield ind1="1" ind2="0" tag="245"><subfield code="a">Mathematical modelling</subfield><subfield code="c">J.G.ANDREWS; R.R. McLONE</subfield></datafield><datafield ind1=" " ind2=" " tag="260"><subfield code="a">London, Butterworthe, 1976</subfield></datafield><datafield ind1=" " ind2=" " tag="300"><subfield code="a">260 P</subfield></datafield><datafield ind1=" " ind2=" " tag="700"><subfield code="a">Andrews, J.G.And R.R.Mclone</subfield></datafield><datafield ind1=" " ind2=" " tag="852"><subfield code="a">45482</subfield><subfield code="c">519.2</subfield></datafield><datafield ind1=" " ind2=" " tag="CAT"><subfield code="a">Sys</subfield><subfield code="c">20100603</subfield><subfield code="h">094018</subfield></datafield></record></collection>